@article{Basak2020,
  author  = {Basak, S. and Panda, S. K. and Lee, M.-G.},
  title   = {Formability and fracture in deep drawing sheet metals: Extended studies for pre-strained anisotropic thin sheets},
  journal = {International Journal of Mechanical Sciences},
  year    = {2020},
  volume  = {170},
  pages   = {105346},
  doi     = {10.1016/j.ijmecsci.2019.105346}
}

@article{Chen2023,
  author  = {Chen, J. and Wang, Z. and Chu, X. and Yue, Z. and Zhao, C. and Zhou, Y.},
  title   = {Calibration of Yld2000-2D anisotropy yield criterion with traditional testing and inverse identification strategies},
  journal = {Materials},
  year    = {2023},
  volume  = {16},
  number  = {21},
  pages   = {6904},
  doi     = {10.3390/ma16216904}
}

@article{Engler2025,
  author  = {Engler, O.},
  title   = {Correlating crystallographic texture with anisotropic properties and sheet metal forming of aluminium alloys},
  journal = {Journal of Materials Research and Technology},
  year    = {2025},
  volume  = {35},
  pages   = {514-522},
  doi     = {10.1016/j.jmrt.2025.01.059}
}

@book{Gillemot1977,
  author    = {Gillemot, L. and Ziaja, Gy.},
  title     = {Fémek képlékeny alakítása},
  publisher = {Tankönyvkiadó},
  year      = {1977},
  address   = {Budapest}
}

@article{Hill1948,
  author  = {Hill, R.},
  title   = {A theory of the yielding and plastic flow of anisotropic metals},
  journal = {Proceedings of the Royal Society of London A},
  year    = {1948},
  volume  = {193},
  pages   = {281-297}
}

@article{Hu2021,
  author  = {Hu, Q. and Yoon, J. W. and Stoughton, T. B.},
  title   = {Analytical determination of anisotropic parameters for Poly6 yield function},
  journal = {International Journal of Mechanical Sciences},
  year    = {2021},
  volume  = {201},
  pages   = {106467},
  doi     = {10.1016/j.ijmecsci.2021.106467}
}

@article{Luo2021,
  author  = {Luo, L. and Wei, D. and Zu, G. and Jiang, Z.},
  title   = {Influence of blank holder-die gap on micro-deep drawing of SUS304 cups},
  journal = {International Journal of Mechanical Sciences},
  year    = {2021},
  volume  = {191},
  pages   = {106065},
  doi     = {10.1016/j.ijmecsci.2020.106065}
}

@article{Martins2018,
  author  = {Martins, J. M. P. and Andrade-Campos, A. and Thuillier, S.},
  title   = {Comparison of inverse identification strategies for constitutive mechanical models using full-field measurements},
  journal = {International Journal of Mechanical Sciences},
  year    = {2018},
  volume  = {145},
  pages   = {330-345},
  doi     = {10.1016/j.ijmecsci.2018.07.013}
}

@article{Mu2022,
  author  = {Mu, Z. and Zhao, J. and Meng, Q. and Huang, X. and Yu, G.},
  title   = {Applicability of Hill48 yield model and effect of anisotropic parameter determination methods on anisotropic prediction},
  journal = {Journal of Materials Engineering and Performance},
  year    = {2022},
  volume  = {31},
  number  = {3},
  pages   = {2023-2042},
  doi     = {10.1007/s11665-021-06366-z}
}

@article{Pereira2024,
  author  = {Pereira, R. and Peixinho, N. and Costa, S. L.},
  title   = {A review of sheet metal forming evaluation of advanced high-strength steels (AHSS)},
  journal = {Metals},
  year    = {2024},
  volume  = {14},
  number  = {4},
  pages   = {394},
  doi     = {10.3390/met14040394}
}

@article{Raabe2005,
  author  = {Raabe, D. and Wang, Y. and Roters, F.},
  title   = {Crystal plasticity simulation study on the influence of texture on earing in steel},
  journal = {Computational Materials Science},
  year    = {2005},
  volume  = {34},
  number  = {3},
  pages   = {221-234},
  doi     = {10.1016/j.commatsci.2004.12.072}
}

@article{Savoie1996,
  author  = {Savoie, J. and Zhou, Y. and Jonas, J. J. and MacEwen, S. R.},
  title   = {Textures induced by tension and deep drawing in aluminum sheets},
  journal = {Acta Materialia},
  year    = {1996},
  volume  = {44},
  number  = {2},
  pages   = {587-598},
  doi     = {10.1016/1359-6454(95)00214-6}
}

@article{Takalkar2019,
  author  = {Takalkar, A. S. and Babu, M. C. L.},
  title   = {A review on effect of thinning, wrinkling and spring-back on deep drawing process},
  journal = {Proceedings of the Institution of Mechanical Engineers, Part B: Journal of Engineering Manufacture},
  year    = {2019},
  volume  = {233},
  number  = {6},
  pages   = {1011-1036},
  doi     = {10.1177/0954405417752509}
}

@article{Tang2018,
  author  = {Tang, B. and Guo, N. and Liu, Z. Y. and Chen, Z. Y.},
  title   = {Planar anisotropy, tension–compression asymmetry, and deep drawing behavior of commercially pure titanium at room temperature},
  journal = {Journal of Materials Engineering and Performance},
  year    = {2018},
  volume  = {27},
  number  = {11},
  pages   = {6073-6082},
  doi     = {10.1007/s11665-018-3646-6}
}

@article{Taskin2024,
  author  = {Taşkın, M. and Dengiz, C. G.},
  title   = {Experimental and numerical optimization of deep drawing process parameters for square medical container design with the Taguchi method},
  journal = {The International Journal of Advanced Manufacturing Technology},
  year    = {2024},
  volume  = {133},
  pages   = {2325-2340},
  doi     = {10.1007/s00170-024-13477-z}
}

@article{Vrh2014,
  author  = {Vrh, M. and Halilovič, M. and Starman, B. and Štok, B. and Comsa, D.-S. and Banabic, D.},
  title   = {Capability of the BBC2008 yield criterion in predicting the earing profile in cup deep drawing simulations},
  journal = {European Journal of Mechanics - A/Solids},
  year    = {2014},
  volume  = {45},
  pages   = {59-74},
  doi     = {10.1016/j.euromechsol.2013.11.013}
}

@article{Wang2024,
  author  = {Wang, B. and Xu, X. and Huang, P. and Song, F. and Zheng, Y.},
  title   = {Study of anisotropic behavior in sheet metal forming},
  journal = {Materials},
  year    = {2024},
  volume  = {17},
  number  = {9},
  pages   = {2031},
  doi     = {10.3390/ma17092031}
}

@book{Weltsch2019,
  author    = {Weltsch, Z.},
  title     = {Képlékeny alakítás a járműiparban},
  publisher = {Akadémiai Kiadó},
  year      = {2019},
  address   = {Budapest}
}

@article{Wiebenga2014,
  author  = {Wiebenga, J. H. and Atzema, E. H. and An, Y. G. and Vegter, H. and van den Boogaard, A. H.},
  title   = {Effect of material scatter on the plastic behavior and stretchability in sheet metal forming},
  journal = {Journal of Materials Processing Technology},
  year    = {2014},
  volume  = {214},
  number  = {2},
  pages   = {238-252},
  doi     = {10.1016/j.jmatprotec.2013.08.008}
}

@article{Wu2023,
  author  = {Wu, F. and Hong, Y. and Zhang, Z. and Huang, C. and Huang, Z.},
  title   = {Effect of Lankford coefficients on springback behavior during deep drawing of stainless steel cylinders},
  journal = {Materials},
  year    = {2023},
  volume  = {16},
  number  = {12},
  pages   = {4321},
  doi     = {10.3390/ma16124321}
}

@book{Altan2005,
  author    = {Altan, T. and Ngaile, G. and Shen, G.},
  title     = {Cold and Hot Forging: Fundamentals and Applications},
  publisher = {ASM International},
  year      = {2005}
}

@misc{ASTM2019,
  author = {{ASTM International}},
  title  = {Standard Test Method for Plastic Strain Ratio r for Sheet Metal},
  year   = {2019},
  note   = {ASTM E517-19}
}

@incollection{Banabic2010,
  author    = {Banabic, D.},
  title     = {Sheet Metal Forming Processes: Constitutive Modelling and Numerical Simulation},
  booktitle = {Sheet Metal Forming Processes},
  publisher = {Springer},
  year      = {2010}
}

@article{Barlat2003,
  author  = {Barlat, F. and others},
  title   = {Plane stress yield function for aluminum alloy sheets—part I: theory},
  journal = {International Journal of Plasticity},
  year    = {2003},
  volume  = {19},
  number  = {9},
  pages   = {1297-1319}
}

@book{Beer2012,
  author    = {Beer, F. P. and Johnston, E. R. and DeWolf, J. T. and Mazurek, D. F.},
  title     = {Mechanics of Materials},
  publisher = {McGraw-Hill},
  year      = {2012}
}

@book{Dieter1988,
  author    = {Dieter, G. E.},
  title     = {Mechanical Metallurgy},
  publisher = {McGraw-Hill},
  year      = {1988}
}

@book{Doege2006,
  author    = {Doege, E. and Behrens, B. A.},
  title     = {Handbuch der Umformtechnik: Grundlagen, Technologien, Maschinen},
  publisher = {Springer},
  year      = {2006}
}

@book{Dowling2013,
  author    = {Dowling, N. E.},
  title     = {Mechanical Behavior of Materials: Engineering Methods for Deformation, Fracture, and Fatigue},
  publisher = {Pearson},
  year      = {2013}
}

@book{Engler2005,
  author    = {Engler, O. and Randle, V.},
  title     = {Introduction to Texture Analysis: Macrotexture, Microtexture, and Orientation Mapping},
  publisher = {CRC Press},
  year      = {2005}
}

@book{Grof2005,
  author    = {Gróf, Gy.},
  title     = {A képlékenyalakítás elmélete és gyakorlata},
  publisher = {Műszaki Könyvkiadó},
  year      = {2005},
  address   = {Budapest}
}

@book{Hoffmann2012,
  author    = {Hoffmann, H. and others},
  title     = {Werkzeugbau für die Blechumformung},
  publisher = {Springer Vieweg},
  year      = {2012}
}

@book{Hosford2010,
  author    = {Hosford, W. F.},
  title     = {Metal forming: mechanics and metallurgy},
  publisher = {Cambridge University Press},
  year      = {2010}
}

@book{Hull2011,
  author    = {Hull, D. and Bacon, D. J.},
  title     = {Introduction to Dislocations},
  publisher = {Butterworth-Heinemann},
  year      = {2011}
}

@book{Kalpakjian2014,
  author    = {Kalpakjian, S. and Schmid, S. R.},
  title     = {Manufacturing Engineering and Technology},
  publisher = {Pearson},
  year      = {2014}
}

@book{Lange1985,
  editor    = {Lange, K.},
  title     = {Handbook of Metal Forming},
  publisher = {McGraw-Hill},
  year      = {1985}
}

@article{Lankford1950,
  author  = {Lankford, W. T. and Snyder, S. C. and Bauscher, J. A.},
  title   = {New criteria for predicting the press performance of deep drawing sheets},
  journal = {Transactions of the ASM},
  year    = {1950},
  volume  = {42},
  pages   = {1197-1232}
}

@book{Marciniak2002,
  author    = {Marciniak, Z. and Duncan, J. L. and Hu, S. J.},
  title     = {Mechanics of sheet metal forming},
  publisher = {Butterworth-Heinemann},
  year      = {2002}
}

@article{Papeleux2002,
  author  = {Papeleux, L. and Ponthot, J. P.},
  title   = {Finite element simulation of wrinkling in deep drawing processes},
  journal = {Journal of Materials Processing Technology},
  year    = {2002},
  volume  = {125},
  pages   = {755-762}
}

@book{Reddy2006,
  author    = {Reddy, J. N.},
  title     = {An Introduction to the Finite Element Method},
  publisher = {McGraw-Hill},
  year      = {2006}
}

@book{Schuler1998,
  editor    = {{Schuler GmbH}},
  title     = {Metal Forming Handbook},
  publisher = {Springer},
  year      = {1998}
}

@book{Simo1998,
  author    = {Simo, J. C. and Hughes, T. J. R.},
  title     = {Computational Inelasticity},
  publisher = {Springer},
  year      = {1998}
}

@book{Tisza2010,
  author    = {Tisza, M.},
  title     = {A képlékeny kézi- és gépi alakítás technológiája},
  publisher = {Miskolci Egyetemi Kiadó},
  year      = {2010},
  address   = {Miskolc}
}

@book{Voith2011,
  author    = {Voith, M.},
  title     = {Képlekenyalakítás: Előtanulmányok},
  publisher = {Miskolci Egyetem, Gépészmérnöki Kar},
  year      = {2011},
  address   = {Miskolc}
}

@book{Wagoner2006,
  author    = {Wagoner, R. H. and Chenot, J. L.},
  title     = {Fundamentals of metal forming},
  publisher = {John Wiley & Sons},
  year      = {2006}
}

@article{Wilson1966,
  author  = {Wilson, D. V. and Butler, R. D.},
  title   = {The role of plastic anisotropy in sheet metal forming},
  journal = {Journal of the Institute of Metals},
  year    = {1966},
  volume  = {94},
  pages   = {25-33}
}

@article{Yoshida1982,
  author  = {Yoshida, K. and others},
  title   = {Mechanism of earing in deep drawing of anisotropic sheet metals},
  journal = {J. Japan Soc. Tech. Plasticity},
  year    = {1982},
  volume  = {23},
  number  = {262},
  pages   = {921-929}
}

@book{Zienkiewicz2013,
  author    = {Zienkiewicz, O. C. and Taylor, R. L. and Zhu, J. Z.},
  title     = {The Finite Element Method: Its Basis and Fundamentals},
  publisher = {Butterworth-Heinemann},
  year      = {2013}
}